<?xml version="1.0" encoding="UTF-8"?><collection xmlns="http://www.loc.gov/MARC21/slim"><record><leader>00467nam--2200157-i-4500</leader><controlfield tag="001">000044932</controlfield><controlfield tag="002">20161230</controlfield><controlfield tag="005">20170125140720</controlfield><controlfield tag="008">060222s1000------------r-----000-0-eng-d</controlfield><datafield ind1=" " ind2=" " tag="100"><subfield code="a">Titeica, Serban</subfield></datafield><datafield ind1=" " ind2=" " tag="245"><subfield code="a">Sur le rayonnement electromagnetique multipolare d`ordre superieur. Applications a la physique nucleaire</subfield></datafield><datafield ind1=" " ind2=" " tag="260"><subfield code="a">Bucuresti</subfield><subfield code="b">Acad.R.P.R</subfield><subfield code="c">1956</subfield></datafield><datafield ind1=" " ind2=" " tag="300"><subfield code="a">6 p. Lito(Ifa/Ft/7)</subfield></datafield><datafield ind1=" " ind2=" " tag="700"><subfield code="a">Iusim, Gh</subfield></datafield><datafield ind1=" " ind2=" " tag="852"><subfield code="a">4744</subfield></datafield><datafield ind1=" " ind2=" " tag="CAT"><subfield code="a">SYS</subfield><subfield code="c">20170125</subfield><subfield code="h">140720</subfield></datafield></record></collection>